@article{Richter,
  title={A monolithic multigrid solver for 3d fluid-structure interaction problems},
  author={Richter, Thomas},
  year={2010}
}

@article{Becker_2014,
  doi = {10.1007/s00466-014-1107-0},
  year = 2014,
  month = {dec},
  publisher = {Springer Nature},
  volume = {55},
  number = {6},
  pages = {1091--1104},
  author = {P. Becker and S. R. Idelsohn and E. O{\~{n}}ate},
  title = {A unified monolithic approach for multi-fluid flows and fluid{\textendash}structure interaction using the Particle Finite Element Method with fixed mesh},
  journal = {Computational Mechanics}
}

@article{hubner2004monolithic,
  title={A monolithic approach to fluid--structure interaction using space--time finite elements},
  author={H{\"u}bner, Bj{\"o}rn and Walhorn, Elmar and Dinkler, Dieter},
  journal={Computer methods in applied mechanics and engineering},
  volume={193},
  number={23-26},
  pages={2087--2104},
  year={2004},
  publisher={Elsevier}
}

@article{michler2004monolithic,
  title={A monolithic approach to fluid--structure interaction},
  author={Michler, C and Hulshoff, SJ and Van Brummelen, EH and De Borst, Ren{\'e}},
  journal={Computers \& fluids},
  volume={33},
  number={5-6},
  pages={839--848},
  year={2004},
  publisher={Elsevier}
}

@article{van2003energy,
  title={Energy conservation under incompatibility for fluid--structure interaction problems},
  author={Van Brummelen, EH and Hulshoff, SJ and De Borst, R},
  journal={Computer Methods in Applied Mechanics and Engineering},
  volume={192},
  number={25},
  pages={2727--2748},
  year={2003},
  publisher={Elsevier}
}

@article{hou2012numerical,
  title={Numerical methods for fluid-structure interactionâ€”a review},
  author={Hou, Gene and Wang, Jin and Layton, Anita},
  journal={Communications in Computational Physics},
  volume={12},
  number={2},
  pages={337--377},
  year={2012},
  publisher={Cambridge University Press}
}

@article{piperno1995partitioned,
  title={Partitioned procedures for the transient solution of coupled aroelastic problems Part I: Model problem, theory and two-dimensional application},
  author={Piperno, Serge and Farhat, Charbel and Larrouturou, Bernard},
  journal={Computer methods in applied mechanics and engineering},
  volume={124},
  number={1-2},
  pages={79--112},
  year={1995},
  publisher={Elsevier}
}

@article{felippa2001partitioned,
  title={Partitioned analysis of coupled mechanical systems},
  author={Felippa, Carlos A and Park, KC and Farhat, Charbel},
  journal={Computer methods in applied mechanics and engineering},
  volume={190},
  number={24-25},
  pages={3247--3270},
  year={2001},
  publisher={Elsevier}
}

@article{farhat2000two,
  title={Two efficient staggered algorithms for the serial and parallel solution of three-dimensional nonlinear transient aeroelastic problems},
  author={Farhat, Charbel and Lesoinne, Michael},
  journal={Computer methods in applied mechanics and engineering},
  volume={182},
  number={3-4},
  pages={499--515},
  year={2000},
  publisher={Elsevier}
}

@article{munsch2015entwicklung,
  title={Entwicklung und Anwendung eines semi-impliziten Kopplungsverfahrens zur numerischen Berechnung der Fluid-Struktur-Wechselwirkung in turbulenten Str{\"o}mungen mittels Large-Eddy Simulationen},
  author={M{\"u}nsch, Manuel},
  year={2015}
}

@article{richter2010numerical,
  title={Numerical methods for fluid-structure interaction problems},
  author={Richter, Thomas},
  journal={Institute for Applied Mathematics, University of Heidelberg, Germany},
  year={2010}
}

@article{demirdvzic1988space,
  title={Space conservation law in finite volume calculations of fluid flow},
  author={Demird{\v{z}}i{\'c}, I and Peri{\'c}, M},
  journal={International journal for numerical methods in fluids},
  volume={8},
  number={9},
  pages={1037--1050},
  year={1988},
  publisher={Wiley Online Library}
}

@article{breuer2012fluid,
  title={Fluid--structure interaction using a partitioned semi-implicit predictor--corrector coupling scheme for the application of large-eddy simulation},
  author={Breuer, Michael and De Nayer, Guillaume and M{\"u}nsch, Manuel and Gallinger, Thomas and W{\"u}chner, Roland},
  journal={Journal of Fluids and Structures},
  volume={29},
  pages={107--130},
  year={2012},
  publisher={Elsevier}
}

@book{thompson1985numerical,
  title={Numerical grid generation: foundations and applications},
  author={Thompson, Joe F and Warsi, Zahir UA and Mastin, C Wayne},
  volume={45},
  year={1985},
  publisher={North-holland Amsterdam}
}

@incollection{munsch2011numerical,
  title={Numerical simulation of fluid--structure interaction using eddy--resolving schemes},
  author={M{\"u}nsch, M and Breuer, M},
  booktitle={Fluid Structure Interaction II},
  pages={221--253},
  year={2011},
  publisher={Springer}
}

@article{irons1969version,
  title={A version of the Aitken accelerator for computer iteration},
  author={Irons, Bruce M and Tuck, Robert C},
  journal={International Journal for Numerical Methods in Engineering},
  volume={1},
  number={3},
  pages={275--277},
  year={1969},
  publisher={Wiley Online Library}
}

@article{kuttler2008fixed,
  title={Fixed-point fluid--structure interaction solvers with dynamic relaxation},
  author={K{\"u}ttler, Ulrich and Wall, Wolfgang A},
  journal={Computational Mechanics},
  volume={43},
  number={1},
  pages={61--72},
  year={2008},
  publisher={Springer}
}

@article{mok2001partitioned,
  title={Partitioned analysis schemes for the transient interaction of incompressible flows and nonlinear flexible structures},
  author={Mok, Daniel P and Wall, WA},
  journal={Trends in computational structural mechanics},
  volume={49},
  pages={689--698},
  year={2001},
  publisher={CIMNE, Barcelona}
}